% books.bib : references to textbooks
% ------------------------------------------------------------------------------
% Chapter 8 of ADME Processes in Pharmaceutical Sciences: Dosage,  Design,  and Pharmacotherapy
@inbook{Talevi2024,
  title = {Compartmental Pharmacokinetic Models},
  ISBN = {9783031504198},
  url = {http://dx.doi.org/10.1007/978-3-031-50419-8_8},
  DOI = {10.1007/978-3-031-50419-8_8},
  booktitle = {ADME Processes in Pharmaceutical Sciences},
  publisher = {Springer Nature Switzerland},
  author = {Talevi,  Alan and Bellera,  Carolina Leticia},
  year = {2024},
  pages = {173–192}
}
@book{talevi2024adme,
  title={ADME Processes in Pharmaceutical Sciences: Dosage, Design, and Pharmacotherapy},
  author={Talevi, A. and Quiroga, P.A.},
  isbn={9783031504198},
  url={https://books.google.dk/books?id=Z4f9EAAAQBAJ},
  year={2024},
  edition   = {2th},
  publisher={Springer Nature Switzerland, Imprint: Springer}
}

@Book{dmat,
  author    = {Kenneth H. Rosen},
  title     = {Discrete Mathematics and Its Applications},
  publisher = {McGraw-Hill},
  year      = {2013},
  edition   = {7th}
}

@Book{calc,
  author    = {C. Henry Edwards and David E. Penney},
  title     = {Calculus: Early Transcendentals},
  publisher = {Pearson},
  year      = {2014},
  edition   = {7th}
}

@Book{lial,
  author    = {L. Spence and A. Insel and S. Friedberg},
  title     = {Elementary Linear Algebra: A Matrix Approach},
  publisher = {Pearson},
  year      = {2014},
  edition   = {2nd}
}

@Book{bonate,
  author    = {Peter L. Bonate},
  title     = {Pharmacokinetic-Pharmacodynamic Modeling and Simulation},
  publisher = {Springer},
  year      = {2011},
  edition   = {2nd}
}

@Book{boot,
    title = {Bootstrap Methods and Their Applications},
    author = {{A. C. Davison} and {D. V. Hinkley}},
    publisher = {Cambridge University Press},
    address = {Cambridge},
    year = {1997},
    note = {ISBN 0-521-57391-2},
    url = {doi:10.1017/CBO9780511802843},
}

@inbook{Felmlee2012,
  title = {Mechanism-Based Pharmacodynamic Modeling},
  ISBN = {9781627030502},
  ISSN = {1940-6029},
  url = {http://dx.doi.org/10.1007/978-1-62703-050-2_21},
  DOI = {10.1007/978-1-62703-050-2_21},
  booktitle = {Computational Toxicology},
  publisher = {Humana Press},
  author = {Felmlee,  Melanie A. and Morris,  Marilyn E. and Mager,  Donald E.},
  year = {2012},
  pages = {583–600}
}

@book{f11a2bf72b3e4305be6ebfffc456fc23,
title = "Introduction to PK/PD modelling - with focus on PK and stochastic differential equations",
author = "Mortensen, {Stig Bousgaard} and J{\'o}nsd{\'o}ttir, {Anna Helga} and S{\o}ren Klim and Henrik Madsen",
year = "2008",
language = "English",
series = "D T U Compute. Technical Report",
publisher = "Technical University of Denmark, DTU Informatics, Building 321",
number = "2008-16",
}

@Book{Davidian1995,
  author    = {Marie Davidian and David M. Giltinan},
  title     = {Nonlinear Models for Repeated Measurement Data},
  publisher = {Chapman \& Hall},
  year      = {1995},
  edition   = {1st}
}