% incl/bib/software.bib : software related references
% ------------------------------------------------------------------------------

@Manual{minimaltikz,
  title        = {A very minimal introduction to TikZ},
  author       = {Jacques {Crémer}},
  organization = {Toulouse School of Economics},
  year         = {2011},
  note         = {\url{https://cremeronline.com/LaTeX/minimaltikz.pdf}}
}

@Manual{tikzmanual,
  title        = {The TikZ and PGF packages},
  author       = {Till Tantau},
  organization = {Institut für Theoretische Informatik, Universität zu Lübeck},
  year         = {2015},
  note         = {\url{http://mirrors.dotsrc.org/ctan/graphics/pgf/base/doc/pgfmanual.pdf}}
}

@Book{python,
  author    = {Van Rossum, Guido and Drake Jr., Fred L.},
  title     = {Python tutorial},
  year      = {1995},
  publisher = {Centrum voor Wiskunde en Informatica Amsterdam, The Netherlands}
}

 @Manual{nlmixr,
    title = {nlmixr2: Nonlinear Mixed Effects Models in Population PK/PD},
    author = {Matthew Fidler},
    year = {2024},
    note = {R package version 3.0.1, \url{https://nlmixr2.org/}, [Accessed 17-04-2025]},
  }



@Manual{R-base,
  title = {R: A Language and Environment for Statistical Computing},
  author = {{R Core Team}},
  organization = {R Foundation for Statistical Computing},
  address = {Vienna, Austria},
  year = {2024},
  note = {\url{https://www.R-project.org/}, [Accessed 17-04-2025]},
  }

@Manual{n1qn1,
  title = {n1qn1: Port of the 'Scilab' 'n1qn1' Module for Unconstrained BFGS
Optimization},
  author = {Matthew Fidler and Wenping Wang and Claude Lemarechal},
  year = {2024},
  note = {R package version 6.0.1-12},
  url = {https://CRAN.R-project.org/package=n1qn1},
}

@misc{githubEstimationProceeding,
	author = {Matthew Fidler},
	title = {{E}stimation not proceeding from initial estimates, tips/tricks? · nlmixr2/nlmixr2 · {D}iscussion #257 --- github.com},
	howpublished = {\url{https://github.com/nlmixr2/nlmixr2/discussions/257#discussioncomment-10353436}},
	year = {2024},
	note = {[Accessed 21-04-2025]},
}